%% This BibTeX bibliography file was created using BibDesk.
%% https://bibdesk.sourceforge.io/

%% Created for Kailin Zhang at 2023-04-14 15:43:50 +1000 


%% Saved with string encoding Unicode (UTF-8) 



@misc{PHP,
	author = {freeCodeCamp.org},
	title = {PHP Programming Language Tutorial - Full Course},
	url = {https://www.youtube.com/watch?v=OK_JCtrrv-c&t=2640s},
	year = {2018},
	bdsk-url-1 = {https://www.youtube.com/watch?v=OK_JCtrrv-c&t=2640s}}

@misc{PHP100,
	author = {Fireship},
	title = {PHP in 100 Secondsl},
	url = {https://www.youtube.com/watch?v=a7_WFUlFS94},
	year = {2021},
	bdsk-url-1 = {https://www.youtube.com/watch?v=a7_WFUlFS94}}

@misc{HM,
	author = {Black Horse Programmer},
	title = {Black Horse Programmer PHP Zero to Proficiency Tutorial (P1 Basic 6 Days)},
	url = {https://www.bilibili.com/video/BV18x411H7qD},
	year = {2017},
	bdsk-url-1 = {https://www.bilibili.com/video/BV18x411H7qD}}

@misc{W3,
	author = {W3School},
	title = {PHP Tutorial},
	url = {https://www.w3schools.com/php/php_math.asp},
	year = {N/A},
	bdsk-url-1 = {https://www.w3schools.com/php/php_math.asp}}
